@article{Bermano:2012,
    title = "Shadow{PIX}: Multiple Images from Self-Shadowing",
    author = "Amit Bermano and Ilya Baran and Marc Alexa and Wojciech Matusik",
    journal = "Computer Graphics Forum",
    volume = {31},
    number = {2},
    month = {may}, 
    year = 2012,
    pages = {593--602}
  }

@inproceedings{Bickel:2009,
 author = {Bickel, Bernd and B\"{a}cher, Moritz and Otaduy, Miguel A. and Matusik, Wojciech and Pfister, Hanspeter and Gross, Markus},
 title = {Capture and modeling of non-linear heterogeneous soft tissue},
 booktitle = {ACM SIGGRAPH 2009 papers},
 series = {SIGGRAPH '09},
 year = {2009},
 isbn = {978-1-60558-726-4},
 location = {New Orleans, Louisiana},
 pages = {89:1--89:9},
 articleno = {89},
 numpages = {9},
 url = {http://doi.acm.org/10.1145/1576246.1531395},
 doi = {10.1145/1576246.1531395},
 acmid = {1531395},
 publisher = {ACM},
 address = {New York, NY, USA},
 keywords = {data-driven graphics, deformations, model acquisition, physically based animation and modeling},
}

@article{Bickel:2010,
	title = {Design and Fabrication of Materials with Desired Deformation Behavior},
	author = {Bernd Bickel and Moritz B{\"{a}}cher and Miguel A. Otaduy and Hyunho Richard Lee and Hanspeter Pfister and Markus Gross and Wojciech Matusik},
	journal = {ACM Trans. on Graphics (Proc. SIGGRAPH)},
	number = {3},
	volume = {29},
	year = {2010}
}


@inproceedings{Finckh:2010,
 author = {Finckh, Manuel and Dammertz, Holger and Lensch, Hendrik P. A.},
 title = {Geometry construction from caustic images},
 booktitle = {Proceedings of the 11th European conference on Computer vision: Part V},
 series = {ECCV'10},
 year = {2010},
 isbn = {3-642-15554-5, 978-3-642-15554-3},
 location = {Heraklion, Crete, Greece},
 pages = {464--477},
 numpages = {14},
 url = {http://dl.acm.org/citation.cfm?id=1888150.1888187},
 acmid = {1888187},
 publisher = {Springer-Verlag},
 address = {Berlin, Heidelberg},
} 

@article{Hasan:2010,
  author = "Milo{\v s} Ha{\v s}an and Martin Fuchs and Wojciech Matusik and
    Hanspeter Pfister and Szymon Rusinkiewicz",
  title = "Physical Reproduction of Materials with Specified Subsurface
    Scattering",
  journal = "ACM Transactions on Graphics (Proc. SIGGRAPH)",
  year = "2010",
  month = aug,
  volume = "29",
  number = "3"
}

@article{Matusik:2009,
  author = "Wojciech Matusik and Boris Ajdin and Jinwei Gu and Jason
    Lawrence and Hendrik P.A. Lensch and Fabio Pellacini
    and Szymon Rusinkiewicz",
  title = "Printing Spatially-Varying Reflectance",
  journal = "ACM Trans. Graphics (Proc. SIGGRAPH Asia)",
  year = "2009",
  month = dec,
  volume = "28",
  number = "5"
}

@article{sko:2012,
	title = {Computational Design of Rubber Balloons},
	author = {M{\'e}lina Skouras and Bernhard Thomaszewski and Bernd Bickel and Markus Gross},
	journal = {Comput. Graphics Forum (Proc. Eurographics)},
	year = {2012}
}

@article{Sloan:2002,
 author = {Sloan, Peter-Pike and Kautz, Jan and Snyder, John},
 title = {Precomputed radiance transfer for real-time rendering in dynamic, low-frequency lighting environments},
 journal = {ACM Trans. Graph.},
 issue_date = {July 2002},
 volume = {21},
 number = {3},
 month = jul,
 year = {2002},
 issn = {0730-0301},
 pages = {527--536},
 numpages = {10},
 url = {http://doi.acm.org/10.1145/566654.566612},
 doi = {10.1145/566654.566612},
 acmid = {566612},
 publisher = {ACM},
 address = {New York, NY, USA},
 keywords = {Monte Carlo techniques, graphics hardware, illumination, rendering, shadow algorithms},
} 


@article{Cook1984,
 author = {Cook, Robert L.},
 title = {Shade trees},
 journal = {SIGGRAPH Comput. Graph.},
 issue_date = {July 1984},
 volume = {18},
 number = {3},
 month = jan,
 year = {1984},
 issn = {0097-8930},
 pages = {223--231},
 numpages = {9},
 url = {http://doi.acm.org/10.1145/964965.808602},
 doi = {10.1145/964965.808602},
 acmid = {808602},
 publisher = {ACM},
 address = {New York, NY, USA},
 keywords = {Color, Computer Graphics, Illumination, Lighting, Reflection, Shading, Shadows, Texture},
} 


@misc{notes2002,
  author = {H. Landis},
  title = {Global Illumination in Production},
  howpublished = {ACM SIGGRAPH 2002 Course \#16 Notes},
  month = {July},
  year = {2002}
}

@inproceedings{Jobs95,
  author    = {Daniel J Jobson and {Zia-ur} Rahman and Glenn A Woodell},
  title     = {Retinex image processing: Improved fidelity to direct visual
observation},
  booktitle = {Proceedings of the IS\&T Fourth Color Imaging Conference: Color
Science, Systems, and Applications},
  organization = {The Society for Imaging Science and Technology},
  pages     = {124--125},
  year      = {1995},
  volume    = {4}
}

@inproceedings{fedkiw:2001:VSO,
  author = "Ronald Fedkiw and Jos Stam and Henrik Wann Jensen",
  title = "Visual Simulation of Smoke",
  editor = "Eugene Fiume",
  booktitle = "Proceedings of SIGGRAPH 2001",
  publisher = "ACM Press / ACM SIGGRAPH",
  pages = "15--22",
  year = 2001,
  organization = "ACM",
  series = "Computer Graphics Proceedings, Annual Conference Series"
}



