@article{Vidimce2013,
 author = "Vidim\v{c}e, Kiril and Wang, Szu-Po and Ragan-Kelley, Jonathan and Matusik, Wojciech ",
 title = "{OpenFab}: A Programmable Pipeline for Multi-Material Fabrication",
 journal = "ACM Trans. on Graphics (SIGGRAPH 2013)",
 year = "2013",
 month = "July",
 volume = "32",
 number = "4",
}

@article{Biswas2004,
  title={Heterogeneous material modeling with distance fields},
  author={Biswas, Arpan and Shapiro, Vadim and Tsukanov, Igor},
  journal={Computer Aided Geometric Design},
  volume={21},
  number={3},
  pages={215--242},
  year={2004},
}

@article{Cutler2002,
  title = "A Procedural Approach to Authoring Solid Models",
    author = "Barbara Cutler and Julie Dorsey and Leonard McMillan and Matthias M{\"{u}}ller
        and Robert Jagnow",
    journal = "ACM Trans. on Graphics (SIGGRAPH 2002) ",
    volume = 21,
    number = 3,
    month = "July", 
    year = 2002,
    pages = "302--311",
}

@phdthesis{Jackson2000,
  title={Analysis of Functionally Graded Material Object Representation Methods},
  author={Jackson, Todd Robert},
  year={2000},
  school={Massachusetts Institute of Technology}
}

@article{Kou2007,
title = "Heterogeneous object modeling: A review",
journal = "Computer-Aided Design",
volume = "39",
number = "4",
pages = "284 - 301",
year = "2007",
author = "X.Y. Kou and S.T. Tan",
keywords = "Review",
keywords = "Heterogeneous object modeling",
keywords = "Functionally graded",
keywords = "FGM",
keywords = "Representation"
}


@article{Kou2012,
  title={Optimal design of functionally graded materials using a procedural model and particle swarm optimization},
  author={Kou, XY and Parks, GT and Tan, ST},
  journal={Computer-Aided Design},
  volume={44},
  number={4},
  pages={300--310},
  year={2012}
}

@article{Kumar1999,
title = "A framework for object modeling",
journal = "Computer-Aided Design",
volume = "31",
number = "9",
pages = "541 - 556",
year = "1999",
note = "",
issn = "0010-4485",
author = "V. Kumar and D. Burns and D. Dutta and C. Hoffmann",
keywords = "Solid modeling",
keywords = "CAD \& CAM techniques",
keywords = "Geometry and attribute representation"
}


@article{Floyd1976,
author = {R. Floyd and L. Steinberg},
title = {An adaptive algorithm for spatial gray scale},
year = {1976},
journal = {Proceedings of the Society of Information Display},
volume = {17},
pages = {75--77},
}

@article{Yuksel:2009,
 author = {Yuksel, Cem and Keyser, John},
 title = {Fast real-time caustics from height fields},
 journal = {Vis. Comput.},
 issue_date = {April 2009},
 volume = {25},
 number = {5-7},
 month = apr,
 year = {2009},
 issn = {0178-2789},
 pages = {559--564},
 numpages = {6},
 url = {http://dx.doi.org/10.1007/s00371-009-0350-4},
 doi = {10.1007/s00371-009-0350-4},
 acmid = {1536203},
 publisher = {Springer-Verlag New York, Inc.},
 address = {Secaucus, NJ, USA},
 keywords = {Caustics, GPU algorithms, Height fields, Real-time water rendering},
}

@article{Bermano:2012,
    title = "Shadow{PIX}: Multiple Images from Self-Shadowing",
    author = "Amit Bermano and Ilya Baran and Marc Alexa and Wojciech Matusik",
    journal = "Computer Graphics Forum",
    volume = {31},
    number = {2},
    month = {May},
    year = 2012,
    pages = {593--602}
  }

@article{Bickel:2009,
 author = {Bickel, Bernd and B\"{a}cher, Moritz and Otaduy, Miguel A. and Matusik, Wojciech and Pfister, Hanspeter and Gross, Markus},
 title = {Capture and modeling of non-linear heterogeneous soft tissue},
 journal = {ACM Trans. on Graphics (SIGGRAPH 2009) },
 year = {2009},
 month = "July",
 pages = {89:1--89:9},
 volume={28},
 number={3},
}

@article{Bickel:2010:DAF,
    title = "Design and Fabrication of Materials with Desired Deformation Behavior",
    author = "Bernd Bickel and Moritz B{\"{a}}cher and Miguel A. Otaduy and Hyunho Richard Lee
        and Hanspeter Pfister and Markus Gross and Wojciech Matusik",
    journal = "ACM Trans. on Graphics (SIGGRAPH 2010)",
    volume = 29,
    number = 4,
    month = "July",
    year = 2010,
    pages = "63:1--63:10",
}


@article {Marios:2011,
author = {Papas, Marios and Jarosz, Wojciech and Jakob, Wenzel and Rusinkiewicz, Szymon and Matusik, Wojciech and Weyrich, Tim},
title = {Goal-based Caustics},
journal = {Computer Graphics Forum},
volume = {30},
number = {2},
publisher = {Blackwell Publishing Ltd},
issn = {1467-8659},
url = {http://dx.doi.org/10.1111/j.1467-8659.2011.01876.x},
doi = {10.1111/j.1467-8659.2011.01876.x},
pages = {503--511},
keywords = {I.3.3 [Computer Graphics]: Picture/Image Generation, Line and curve generation},
year = {2011},
}

@article{Bickel:2012,
 author = {Bickel, Bernd and Kaufmann, Peter and Skouras, M{\'e}lina and Thomaszewski, Bernhard and Bradley, Derek and Beeler, Thabo and Jackson, Phil and Marschner, Steve and Matusik, Wojciech and Gross, Markus},
 title = {Physical face cloning},
 journal = {ACM Trans. on Graphics (SIGGRAPH 2012)},
 volume = {31},
 number = {4},
 month = "July",
 year = {2012},
 pages = {118:1--118:10},
}

@article{Finckh:2010,
 title = {Geometry construction from caustic images},
 author = {Finckh, Manuel and Dammertz, Holger and Lensch, Hendrik P. A.},
 journal = {Computer Vision (ECCV 2010)},
 year = {2010},
 volume={6315},
 pages = {464--477},
}

@article{GraphLab,
title = {GraphLab: A New Parallel Framework for Machine Learning},
author = {Yucheng Low and Joseph Gonzalez and Aapo Kyrola and Danny Bickson and Carlos Guestrin and Joseph M. Hellerstein},
journal = {Conference on Uncertainty in Artificial Intelligence (UAI)},
month = {July},
year = {2010},
}

@article{Hasan:2010:PRO,
    title = "Physical Reproduction of Materials with Specified Subsurface Scattering",
    author = "Milo\v{s} Ha\v{s}an and Martin Fuchs and Wojciech Matusik and Hanspeter
        Pfister and Szymon Rusinkiewicz",
    journal = "ACM Trans. on Graphics (SIGGRAPH 2010)",
    volume = 29,
    number = 4,
    month = "July",
    year = 2010,
    pages = "61:1--61:10",
}
@article{Jordan:1999,
year={1999},
issn={0885-6125},
journal={Machine Learning},
volume={37},
issue={2},
title={An Introduction to Variational Methods for Graphical Models},
publisher={Kluwer Academic Publishers},
keywords={graphical models; Bayesian networks; belief networks; probabilistic inference; approximate inference; variational methods; mean field methods; hidden Markov models; Boltzmann machines; neural networks},
author={Jordan, MichaelI. and Ghahramani, Zoubin and Jaakkola, TommiS. and Saul, LawrenceK.},
pages={183-233},
language={English}
}
@article{Matusik:2009,
  author = "Wojciech Matusik and Boris Ajdin and Jinwei Gu and Jason
    Lawrence and Hendrik P.A. Lensch and Fabio Pellacini
    and Szymon Rusinkiewicz",
  title = "Printing Spatially-Varying Reflectance",
  journal = "ACM Trans. Graphics (SIGGRAPH Asia 2009)",
  year = "2009",
  month = Dec.,
  volume = "28",
  number = "5"
}

@article{sko:2012,
	title = {Computational Design of Rubber Balloons},
	author = {M{\'e}lina Skouras and Bernhard Thomaszewski and Bernd Bickel and Markus Gross},
	journal = {Computer Graphics Forum},
	year = {2012},
	month = May,
	volume={31},
    number={2},
	pages={835--844},
}

@article{Sloan:2002,
 author = {Sloan, Peter-Pike and Kautz, Jan and Snyder, John},
 title = {Precomputed radiance transfer for real-time rendering in dynamic, low-frequency lighting environments},
 journal = {ACM Trans. Graph.},
 volume = {21},
 number = {3},
 month = jul,
 year = {2002},
 issn = {0730-0301},
 pages = {527--536},
 numpages = {10},
 url = {http://doi.acm.org/10.1145/566654.566612},
 doi = {10.1145/566654.566612},
 acmid = {566612},
 publisher = {ACM},
 address = {New York, NY, USA},
 keywords = {Monte Carlo techniques, graphics hardware, illumination, rendering, shadow algorithms},
}


@article{Cook1984,
 author = {Cook, Robert L.},
 title = {Shade trees},
 journal = {Computer Graphics (SIGGRAPH 84)},
 volume = {18},
 number = {3},
 month = {Jan},
 year = {1984},
 pages = {223--231},
}


@misc{notes2002,
  author = {H. Landis},
  title = {Global Illumination in Production},
  howpublished = {ACM SIGGRAPH 2002 Course \#16 Notes},
  month = {July},
  year = {2002}
}
@inproceedings{kennedy1995,
  title={Particle swarm optimization},
  author={Kennedy, James and Eberhart, Russell},
  booktitle={Neural Networks, 1995. Proceedings., IEEE International Conference on},
  volume={4},
  pages={1942--1948},
  year={1995},
  organization={IEEE}
}
@inproceedings{Jobs95,
  author    = {Daniel J Jobson and {Zia-ur} Rahman and Glenn A Woodell},
  title     = {Retinex image processing: Improved fidelity to direct visual
observation},
  booktitle = {Proceedings of the IS\&T Fourth Color Imaging Conference: Color
Science, Systems, and Applications},
  organization = {The Society for Imaging Science and Technology},
  pages     = {124--125},
  year      = {1995},
  volume    = {4}
}

@inproceedings{fedkiw:2001:VSO,
  author = "Ronald Fedkiw and Jos Stam and Henrik Wann Jensen",
  title = "Visual Simulation of Smoke",
  editor = "Eugene Fiume",
  booktitle = "Proceedings of SIGGRAPH 2001",
  publisher = "ACM Press / ACM SIGGRAPH",
  pages = "15--22",
  year = 2001,
  organization = "ACM",
  series = "Computer Graphics Proceedings, Annual Conference Series"
}


@article{Papas:2012,
 author = {Papas, Marios and Houit, Thomas and Nowrouzezahrai, Derek and Gross, Markus and Jarosz, Wojciech},
 title = {The magic lens: refractive steganography},
 journal = {ACM Trans. on Graphics (SIGGRAPH Asia 2012)},
 volume = {31},
 number = {6},
 month = Nov,
 year = {2012},
 pages = {186:1--186:10},
}


@book{Van:1987,
  title={Simulated annealing: theory and applications},
  author={van Laarhoven, P.J. and Aarts, E.H.},
  volume={37},
  year={1987},
  publisher={Springer}
}


@article{Weyrich:2009:FMF,
    title = "Fabricating Microgeometry for Custom Surface Reflectance",
    author = "Tim Weyrich and Pieter Peers and Wojciech Matusik and Szymon Rusinkiewicz",
    journal = "ACM Trans. on Graphics (SIGGRAPH 2009)",
    volume = 28,
    number = 3,
    month = "July",
    year = 2009,
    pages = "32:1--32:6",
}

@article{Weyrich:2007:DBF,
    title = "Digital Bas-Relief from 3D Scenes",
    author = "Tim Weyrich and Jia Deng and Connelly Barnes and Szymon Rusinkiewicz and Adam
        Finkelstein",
    journal = "ACM Transactions on Graphics",
    volume = 26,
    number = 3,
    month = "July",
    year = 2007,
    pages = "32:1--32:7",
}

@article{Alexa:2010:RAI,
    title = "Reliefs as Images",
    author = "Marc Alexa and Wojciech Matusik",
    journal = "ACM Trans. on Graphics (SIGGRAPH 2010)",
    volume = 29,
    number = 4,
    month = "July",
    year = 2010,
    pages = "60:1--60:7",
}

@article{Mitra:2009:SA,
    title = "Shadow Art",
    author = "Niloy J. Mitra and Mark Pauly",
    journal = "ACM Trans. on Graphics (SIGGRAPH Asia 2009)",
    volume = 28,
    number = 5,
    month = Dec.,
    year = 2009,
    pages = "156:1--156:7",
}

@article{Dong:2010:FSS,
    title = "Fabricating Spatially-Varying Subsurface Scattering",
    author = "Yue Dong and Jiaping Wang and Fabio Pellacini and Xin Tong and Baining Guo",
    journal = "ACM Trans. on Graphics (SIGGRAPH 2010)",
    volume = 29,
    number = 4,
    month = "July",
    year = 2010,
    pages = "62:1--62:10",
}

@article{Malzbender:2012:PRF,
 author = {Tom Malzbender and Ramin Samadani and Steven Scher and Adam Crume and Douglas Dunn and James Davis},
 title = {Printing Reflectance Functions},
 journal = {ACM Trans. on Graphics (SIGGRAPH 2012)},
 volume = {31},
 number = {3},
 year = {2012},
 month = {May},
 pages = {20:1--20:11},
}


@article{Matusik:2009:PSR,
    title = "Printing Spatially-Varying Reflectance",
    author = "Wojciech Matusik and Boris Ajdin and Jinwei Gu and Jason Lawrence and Hendrik P.
        A. Lensch and Fabio Pellacini and Szymon Rusinkiewicz",
    journal = "ACM Trans. on Graphics (SIGGRAPH Asia 2009))",
    volume = 28,
    number = 5,
    month = "Dec.",
    year = 2009,
    pages = "128:1--128:9",
}

@article{Baran:2012:MLA,
    author = {Ilya Baran and Philipp Keller and Derek Bradley and Stelian Coros and Wojciech Jarosz and Derek Nowrouzezahrai and Markus Gross},
    title = {Manufacturing Layered Attenuators for Multiple Prescribed Shadow Images},
    journal = {Computer Graphics Forum},
    year = {2012},
    month = May,
    volume = {31},
    number = {2},
    pages={603--610},
}
